@article{test,
author = "Frederik Lassen",
title = "Latex test",
year = "2021"
}